@INBOOK
{
	croft.chap3,
	AUTHOR = "W. Bruce Croft and Donald Metzler and Trevor Strohman",
	TITLE = "Search Engines Information Retrieval in Practice",
	CHAPTER = "Chapter 3: Crawls and Feeds",
	PAGES = "31-73",
	PUBLISHER = "Pearson",
	YEAR = "2009",
	ISBN = "978-0-13-136489-9"
}

@INBOOK
{
	croft.chap2,
	AUTHOR = "W. Bruce Croft and Donald Metzler and Trevor Strohman",
	TITLE = "Search Engines Information Retrieval in Practice",
	CHAPTER = "Chapter 2: Architecture of a Search Engine",
	PAGES = "13-30",
	PUBLISHER = "Pearson",
	YEAR = "2009",
	ISBN = "978-0-13-136489-9"
}

@INBOOK
{
	baeza_yates.107,
	AUTHOR = "Ricardo Baeza-Yates and Berthier Ribeiro-Neto",
	TITLE = "Modern Information Retrieval: The concepts and technology behind search",
	CHAPTER = "Chapter 3.5: Alternative Probabilistic Models",
	PAGES = "107",
	PUBLISHER = "Pearson",
	YEAR = "2010",
	ISBN = "978-0-321-41691-9"
}

@INBOOK
{
	manning.chap20,
	AUTHOR = "Christopher D. Manning and Prabhakar Raghavan and Hinrich Schütze",
	TITLE = "An Introduction to Information Retrieval",
	CHAPTER = "Chapter 20: Web crawling and indexes",
	PAGES = "443-459",
	PUBLISHER = "Cambridge University Press",
	YEAR = "2009",
}

@INBOOK
{
	nosql.mapreduce,
	AUTHOR = "Stefan Edlich and Achim Friedland",
	TITLE = "NoSQL: Einstieg in die Welt nichtrelationaler Web 2.0 Datenbanken",
	CHAPTER = "Chapter 2.1: Map/Reduce",
	PAGES = "12-30",
	PUBLISHER = {Carl Hanser Verlag GmbH \& Co. KG},
	YEAR = "2011",
	ISBN = "978-3446427532"
}

@INBOOK
{
	hadoop.mapreduce,
	AUTHOR = "Chuck Lam",
	TITLE = "Hadoop In Action",
	CHAPTER = "Chapter 1.5: Understanding MapReduce",
	PAGES = "8-14",
	PUBLISHER = "Wiley India",
	YEAR = "2011",
	ISBN = "978-8177228137"
}

@MISC
{
	wiki.free_license,
	AUTOR = "Wikipedia",
	TITLE = "Free software license --- {W}ikipedia{,} The Free Encyclopedia",
	YEAR = "2018",
	URL = "\url{https://en.wikipedia.org/wiki/Free_software_license}",
	NOTE = "[Online erhältlich unter \url{https://en.wikipedia.org/wiki/Free_software_license}. Abgerufen am 22.03.2018]"
}

@MISC
{
	wiki.mapreduce,
	AUTOR = "Wikipedia",
	TITLE = "MapReduce --- {W}ikipedia{,} The Free Encyclopedia",
	YEAR = "2018",
	URL = "\url{https://de.wikipedia.org/wiki/MapReduce}",
	NOTE = "[Online erhältlich unter \url{https://de.wikipedia.org/wiki/MapReduce}. Abgerufen am 22.03.2018]"
}

@MISC
{
	wiki.facetted_search,
	AUTOR = "Wikipedia",
	TITLE = "Free software license --- {W}ikipedia{,} The Free Encyclopedia",
	YEAR = "2018",
	URL = "\url{https://de.wikipedia.org/wiki/Facettensuche}",
	NOTE = "[Online erhältlich unter \url{https://de.wikipedia.org/wiki/Facettensuche}. Abgerufen am 25.03.2018]"
}

@MISC
{
	nutch.invert_links,
	AUTOR = "Apache Nutch",
	TITLE = "Apache Nutch Documentation: invertlinks",
	YEAR = "2013",
	URL = "\url{https://wiki.apache.org/nutch/bin/nutch%20invertlinks}",
	NOTE = "[Online erhältlich unter \url{https://wiki.apache.org/nutch/bin/nutch%20invertlinks}. Abgerufen am 25.03.2018]"
}
